@misc{risczero:2022,
    author = {Bruestle, Jeremy and Gafni, Paul and the RISC Zero Team},
    title = {\textit{RISC Zero zkVM: scalable, transparent arguments of RISC-V
integrity.}},
    howpublished = {\url{https://www.risczero.com/proof-system-in-detail.pdf}},
    year = {2022},
    note = {Accessed on 2024-07-17}
}

@misc{swarm:2021,
    author = {{The Swarm Team}},
    title = {\textit{Swarm Whitepaper}},
    howpublished = {\url{https://www.ethswarm.org/swarm-whitepaper.pdf}},
    year = {2021},
    NOTE = {Accessed on 2024-07-17}
}

@misc{segmentation:2024,
    author = {Hasanzadeh, Reza},
    title = {\textit{Risc0 Segmentation Test Results}},
    howpublished = {\url{https://github.com/WholesumNet/docs/blob/main/parallelization/segmentation/report/report.pdf}},
    year = {2024},
    note = {Accessed on 2024-07-17}
}